@article{munkrestopology,
  title={Topology James Munkres Second Edition},
  author={Munkres, James}
}

@article{engelking1989general,
  title={General topology},
  author={Engelking, Ryszard},
  journal={Sigma series in pure mathematics},
  volume={6},
  year={1989},
  publisher={Heldermann Verlag}
}

@book{mccoy2006topological,
  title={Topological properties of spaces of continuous functions},
  author={McCoy, Robert A and Ntantu, Ibula},
  volume={1315},
  year={2006},
  publisher={springer}
}

@article{arkhangelskiui1992topological,
  title={Topological function spaces},
  author={Arkhangel'skii, Aleksandr Vladimirovich},
  journal={(No Title)},
  year={1992}
}

@book{kelleytopology,
  title={General Topology},
  author={Kelley, J.L.},
  isbn={9780387901251},
  lccn={lc75014364},
  series={Graduate Texts in Mathematics},
  url={https://books.google.bg/books?id=-goleb9Ov3oC},
  year={1975},
  publisher={Springer New York}
}
